<record><leader>00000cas a2200000 a 4500</leader><controlfield tag="001">1565322</controlfield><controlfield tag="007">hd afv---baca</controlfield><controlfield tag="008">750824d18161817nyucx nea     0    0eng d</controlfield><datafield ind1=" " ind2=" " tag="010"><subfield code="a">mic56005079 </subfield></datafield><datafield ind1=" " ind2=" " tag="040"><subfield code="a">MUL</subfield><subfield code="b">eng</subfield><subfield code="c">MUL</subfield><subfield code="d">OCL</subfield><subfield code="d">PES</subfield><subfield code="d">DLC</subfield><subfield code="d">FUG</subfield><subfield code="d">OCL</subfield><subfield code="d">OCLCQ</subfield><subfield code="d">OCLCF</subfield><subfield code="d">OCLCO</subfield><subfield code="d">OCLCQ</subfield></datafield><datafield ind1=" " ind2=" " tag="019"><subfield code="a">748339</subfield></datafield><datafield ind1=" " ind2=" " tag="042"><subfield code="a">msc</subfield></datafield><datafield ind1=" " ind2=" " tag="043"><subfield code="a">n-us-ny</subfield></datafield><datafield ind1="0" ind2="0" tag="050"><subfield code="a">Microfilm 01104 no.100 AP</subfield></datafield><datafield ind1="0" ind2="4" tag="082"><subfield code="a">051</subfield><subfield code="b">A51p2</subfield></datafield><datafield ind1="0" ind2="4" tag="245"><subfield code="a">The Country courier.</subfield></datafield><datafield ind1=" " ind2=" " tag="260"><subfield code="a">New York :</subfield><subfield code="b">Barent Gardenier,</subfield><subfield code="c">1816-1817.</subfield></datafield><datafield ind1=" " ind2=" " tag="300"><subfield code="a">2 volumes ;</subfield><subfield code="c">26 cm</subfield></datafield><datafield ind1=" " ind2=" " tag="310"><subfield code="a">Semiweekly (irregular)</subfield></datafield><datafield ind1=" " ind2=" " tag="336"><subfield code="a">text</subfield><subfield code="b">txt</subfield><subfield code="2">rdacontent</subfield></datafield><datafield ind1=" " ind2=" " tag="337"><subfield code="a">microform</subfield><subfield code="b">h</subfield><subfield code="2">rdamedia</subfield></datafield><datafield ind1=" " ind2=" " tag="338"><subfield code="a">microfilm reel</subfield><subfield code="b">hd</subfield><subfield code="2">rdacarrier</subfield></datafield><datafield ind1="0" ind2=" " tag="362"><subfield code="a">Vol. 1, no. 1 (June 3, 1816)-v. 2, no. 32 (Mar. 24, 1817).</subfield></datafield><datafield ind1=" " ind2=" " tag="500"><subfield code="a">Film covers: v. 1, no. 1-39, v. 2, no. 1-32; June 3, 1816-Oct. 21, 1816, Dec. 5, 1816-Mar. 24, 1817.</subfield></datafield><datafield ind1=" " ind2=" " tag="500"><subfield code="a">This semi-weekly magazine superseded the Examiner and was also edited by Barent Gardenier. While the Examiner was mainly a political magazine, the Courier focused on all kinds of news--foreign, domestic, local, and political, as well as the proceedings of Congress and the state legislature. Much of the material was selected from other papers, particularly the New-York Courier, a daily paper. There was also a column on literature called "The Critic," and some poetry and anecdotes. Cf. American periodicals, 1741-1900.</subfield></datafield><datafield ind1=" " ind2=" " tag="533"><subfield code="a">Microfilm.</subfield><subfield code="b">Ann Arbor, Mich. :</subfield><subfield code="c">University Microfilms,</subfield><subfield code="d">1949.</subfield><subfield code="e">1 microfilm reel ; 35 mm.</subfield><subfield code="f">(American periodical series, 1800-1850 ; 100).</subfield></datafield><datafield ind1=" " ind2="0" tag="651"><subfield code="a">New York (N.Y.)</subfield><subfield code="v">Newspapers.</subfield></datafield><datafield ind1=" " ind2="0" tag="651"><subfield code="a">New York County (N.Y.)</subfield><subfield code="v">Newspapers.</subfield></datafield><datafield ind1=" " ind2="7" tag="651"><subfield code="a">New York (State)</subfield><subfield code="z">New York.</subfield><subfield code="2">fast</subfield><subfield code="0">(OCoLC)fst01204333</subfield></datafield><datafield ind1=" " ind2="7" tag="651"><subfield code="a">New York (State)</subfield><subfield code="z">New York County.</subfield><subfield code="2">fast</subfield><subfield code="0">(OCoLC)fst01234953</subfield></datafield><datafield ind1=" " ind2="7" tag="655"><subfield code="a">Newspapers.</subfield><subfield code="2">fast</subfield><subfield code="0">(OCoLC)fst01423814</subfield></datafield><datafield ind1=" " ind2=" " tag="752"><subfield code="a">United States</subfield><subfield code="b">New York</subfield><subfield code="c">New York</subfield><subfield code="d">New York.</subfield></datafield><datafield ind1="1" ind2=" " tag="776"><subfield code="c">Original</subfield><subfield code="w">(DLC)sn 83030230</subfield><subfield code="w">(OCoLC)9383749</subfield></datafield><datafield ind1="0" ind2="1" tag="780"><subfield code="t">Examiner (New York, N.Y.)</subfield><subfield code="w">(DLC)sf 88091082</subfield><subfield code="w">(OCoLC)4965980</subfield></datafield><datafield ind1=" " ind2="0" tag="830"><subfield code="a">American periodical series, 1800-1850 ;</subfield><subfield code="v">100.</subfield></datafield><datafield ind1="1" ind2=" " tag="029"><subfield code="a">AU@</subfield><subfield code="b">000020127973</subfield></datafield></record>